@INPROCEEDINGS{COMP_AVIRIS_HYPERION_FOR_HSI_MINERAL_MAPPING,
author   ={F. A. Kruse},
booktitle={Proceedings of the 11th JPL Airborne Geoscience Workshop, 4-8 March 2002, Pasadena, California},
title    ={{C}omparison of {AVIRIS} and {H}yperion for {H}yperspectral {M}ineral {M}apping},
year     ={2002},
}
@ARTICLE{IMG_SPECTROSCOPY_AND_AVIRIS,
title    ={{I}maging {S}pectroscopy and the {A}irborne {V}isible/{I}nfra{R}ed {I}maging {S}pectrometer ({AVIRIS})},
journal  ={Remote Sensing of Environment},
volume   ={65},
number   ={3},
pages    ={227--248},
year     ={1998},
author   ={R. O. Green and M. L. Eastwood and C. M. Sarture and T. G. Chrien and M. Aronsson and B. J. Chippendale and J. A. Faust and B. E. Pavri and C. J. Chovit and M. S. and M. R. Olah and O. Williams},
}
@INPROCEEDINGS{EXPL_RELATION_BTW_INFO_AND_SNR_AND_SPATIAL_RESOL_IN_AVIRIS,
author   ={R. O. Green and J. Boardman},
booktitle={AVIRIS Workshop (2001), Pasadena, CA},
title    ={{E}xploration of the {R}elationship between {I}nformation {C}ontent and {Signal}-to-{N}oise {R}atio and {S}patial {R}esolution in {AVIRIS} {S}pectral {D}ata},
year     ={2001},
}
@ARTICLE{IMG_SPECTROMETRY_FOR_EARTH_REMOTE_SENSING,
author   ={A. F. H. Goetz and G. Vane and J. E. Solomon and B. N. Rock},
journal  ={Science},
number   ={4704},
pages    ={1147--1153},
publisher={American Association for the Advancement of Science},
title    ={Imaging {S}pectrometry for {E}arth {R}emote {S}ensing},
volume   ={228},
year     ={1985},
}
@INPROCEEDINGS{ADV_IN_HS_REMOTE_SENSING_FOR_GEO_MAP,
title    ={Advances in hyperspectral remote sensing for geologic mapping and exploration},
author   ={F. A. Kruse},
booktitle={Proceedings 9th Australasian Remote Sensing Conference, Sydney, Australia},
year     ={1998},
}
@INPROCEEDINGS{A_REVIEW_ON_APPL_OF_NIR_SPECTRO_AND_CHEM_FOR_AGROFOOD_PROC_INDST,
author   ={C. Kumaravelu and A. Gopal},
booktitle={2015 IEEE Technological Innovation in ICT for Agriculture and Rural Development (TIAR)},
title    ={A {R}eview on the {A}pplications of Near--{I}nfrared {S}pectrometer and {C}hemometrics for the {A}gro-{F}ood {P}rocessing {I}ndustries},
year     ={2015},
pages    ={8-12},
month    ={July},
}
@INPROCEEDINGS{HSI_FOR_FOOD_APPL,
author   ={S. Marshall and T. Kelman and T. Qiao and P. Murray and J. Zabalza},
booktitle={2015 23rd European Signal Processing Conference (EUSIPCO)},
title    ={Hyperspectral {I}maging for {F}ood {A}pplications},
year     ={2015},
pages    ={2854-2858},
month    ={Aug},
}
@ARTICLE{APPL_OF_ICA_WITH_JADE_ALGO_AND_NIR_HSI_FOR_REVEALING_FOOD_ADULTERATION,
author   = {P. Mishra and C. B. Y. Cordella and D. N. Rutledge and P. Barreiro and J. M. Roger and B. Diezma},
title    = {{A}pplication of {I}ndependent {C}omponents {A}nalysis with the {JADE} {A}lgorithm and {NIR} {H}yperspectral {I}maging for {R}evealing {F}ood {A}dulteration },
journal  = {Journal of Food Engineering},
volume   = {168},
pages    = {7-15},
year     = {2016},
}
@ARTICLE{HSMS_DATA_FUSION_A_COMPARATIVE_REVIEW,
author  = {N. Yokoya and C. Grohnfeldt and J. Chanussot},
journal = {IEEE Geoscience and Remote Sensing Magazine},
title   = {{H}yperspectral and {M}ultispectral {D}ata {F}usion: {A} {C}omparative {R}eview of the {R}ecent {L}iterature},
year    = {2017},
volume  = {5},
number  = {2},
pages   = {29-56},
month   = {June},
}
@ARTICLE{HS_PANSHARPENING_A_REVIEW,
author  = {L. Loncan and L. B. de Almeida and J. M. Bioucas-Dias and X. Briottet and J. Chanussot and N. Dobigeon and S. Fabre and W. Liao and G. A. Licciardi and M. Simoes and J. Y. Tourneret and M. A. Veganzones and G. Vivone and Q. Wei and N. Yokoya},
journal = {IEEE Geoscience and Remote Sensing Magazine},
title   = {{H}yperspectral {P}ansharpening: {A} {R}eview},
year    = {2015},
volume  = {3},
number  = {3},
pages   = {27-46},
month   = {Sept},
}
@ARTICLE{FRANKWOLFE_AN_ALGO_FOR_QUAD_PRGM,
author  = {M. Frank and P. Wolfe},
title   = {{A}n {A}lgorithm for {Q}uadratic {P}rogramming},
journal = {Naval Research Logistics Quarterly},
month   = {March-June},
year    = {1956},
volume  = {3},
pages   = {95-110},
}
@ARTICLE{A_FAST_ITERA_SHRINK_THRESH_ALGO,
author  = {A. Beck and M. Teboulle},
title   = {{A} {F}ast {I}terative {S}hrinkage-{T}hresholding {A}lgorithm for {L}inear {I}nverse {P}roblems},
journal = {SIAM Journal on Imaging Sciences},
volume  = {2},
number  = {1},
pages   = {183-202},
year    = {2009},
}
@BOOK{NESTEROV_FISTA,
title    = {{I}ntroductory {L}ectures on {C}onvex {O}ptimization : {A} {B}asic {C}ourse},
author   = {Y. Nesterov},
series   = {Applied optimization},
publisher= {Kluwer Academic Publ.},
address  = {Boston, Dordrecht, London},
year     = {2004},
}
@ARTICLE{GRAD_PROJ_FOR_SR_APPL_TO_CS_AND_INV_PROBLEMS,
author  = {M. A. T. Figueiredo and R. D. Nowak and S. J. Wright},
journal = {IEEE Journal of Selected Topics in Signal Processing},
title   = {Gradient Projection for Sparse Reconstruction: Application to Compressed Sensing and Other Inverse Problems},
year    = {2007},
volume  = {1},
number  = {4},
pages   = {586-597},
month   = {Dec},
}
@ARTICLE{BARZILAI_BORWEIN_ALGORITHM,
author  = {J. Barzilai and J. M. Borwein},
title   = {Two-Point Step Size Gradient Methods},
journal = {IMA Journal of Numerical Analysis},
volume  = {8},
number  = {1},
pages   = {141},
year    = {1988},
}
@ARTICLE{HSI_RESTORE_LOWRANK_MATRIX_RECOVER,
author  = {H. Zhang and W. He and L. Zhang and H. Shen and Q. Yuan},
journal = {IEEE Transactions on Geoscience and Remote Sensing},
title   = {{H}yperspectral {I}mage {R}estoration {U}sing {L}ow-{R}ank {M}atrix {R}ecovery},
year    = {2014},
volume  = {52},
number  = {8},
pages   = {4729-4743},
month   = {Aug},
}
@ARTICLE{HSI_RESOTRE_LOWRANK_REPRESENT_SPECTRAL_DIFF_IMG,
author   = {L. Sun and B. Jeon and Y. Zheng and Z. Wu},
journal  = {IEEE Geoscience and Remote Sensing Letters},
title    = {{H}yperspectral {I}mage {R}estoration {U}sing {L}ow-{R}ank {R}epresentation on {S}pectral {D}ifference {I}mage},
year     = {2017},
volume   = {PP},
number   = {99},
pages    = {1-5},
keywords = {Computational modeling;Gaussian noise;Hyperspectral imaging;Image restoration;Indexes;Sun;Alternating direction method of multipliers (ADMM);hyperspectral restoration;low-rank representation (LRR);spectral difference space.},
month    = {},
}
@ARTICLE{DENOIS_HSI_BY_LOWRANK_REPRESENT,
author  = {M. Wang and J. Yu and J. H. Xue and W. Sun},
journal = {IEEE Journal of Selected Topics in Applied Earth Observations and Remote Sensing},
title   = {{D}enoising of {H}yperspectral {I}mages {U}sing {G}roup {L}ow-{R}ank {R}epresentation},
year    = {2016},
volume  = {9},
number  = {9},
pages   = {4420-4427},
month   = {Sept},
}
@ARTICLE{DISTRIBUT_BLIND_HU_VIA_JOINT_SPARS_LOWRANK_NMF,
author  = {C. G. Tsinos and A. A. Rontogiannis and K. Berberidis},
journal = {IEEE Transactions on Computational Imaging},
title   = {{D}istributed {B}lind {H}yperspectral {U}nmixing {V}ia {J}oint {S}parsity and {L}ow-{R}ank {C}onstrained {N}on-{N}egative {M}atrix {F}actorization},
year    = {2017},
volume  = {3},
number  = {2},
pages   = {160-174},
month   = {June},
}
@ARTICLE{HALS_RANK2NMF,
author  = {N. Gillis and D. Kuang and H. Park},
journal = {IEEE Transactions on Geoscience and Remote Sensing},
title   = {{H}ierarchical {C}lustering of {H}yperspectral {I}mages {U}sing {R}ank-{T}wo {N}onnegative {M}atrix {F}actorization},
year    = {2015},
volume  = {53},
number  = {4},
pages   = {2066-2078},
month   = {April},
}
@ARTICLE{LOWRANK_SUBSPACE_REPRESENT_ESTIMATE_NO_OF_SIGNAL_HSI,
author  = {A. Sumarsono and Q. Du},
journal = {IEEE Transactions on Geoscience and Remote Sensing},
title   = {{L}ow-{R}ank {S}ubspace {R}epresentation for {E}stimating the {N}umber of {S}ignal {S}ubspaces in {H}yperspectral {I}magery},
year    = {2015},
volume  = {53},
number  = {11},
pages   = {6286-6292},
month   = {Nov},
}
@ARTICLE{MVES,
author  = {T. H. Chan and C. Y. Chi and Y. M. Huang and W. K. Ma},
journal = {IEEE Transactions on Signal Processing},
title   = {{A} {C}onvex {A}nalysis-{B}ased {M}inimum-{V}olume {E}nclosing {S}implex {A}lgorithm for {H}yperspectral {U}nmixing},
year    = {2009},
volume  = {57},
number  = {11},
pages   = {4418-4432},
month   = {Nov},
}
@ARTICLE{CONVEX_FORMULATION_HSR_VIA_SUBSPACE_REGULAR,
author  = {M. Simões and J. Bioucas‐Dias and L. B. Almeida and J. Chanussot},
journal = {IEEE Transactions on Geoscience and Remote Sensing},
title   = {{A} {C}onvex {F}ormulation for {H}yperspectral {I}mage {S}uperresolution via {S}ubspace-{B}ased {R}egularization},
year    = {2015},
volume  = {53},
number  = {6},
pages   = {3373-3388},
month   = {June},
}
@INPROCEEDINGS{SNNMF,
author    = {E. Wycoff and T. H. Chan and K. Jia and W. K. Ma and Y. Ma},
booktitle = {2013 IEEE International Conference on Acoustics, Speech and Signal Processing},
title     = {{A} {N}on-{N}egative {S}parse {P}romoting {A}lgorithm for {H}igh {R}esolution {H}yperspectral {I}maging},
year      = {2013},
pages     = {1409-1413},
month     = {May},
}
@ARTICLE{BLIND_HU_BY_EXTENDED_LMM,
author  = {L. Drumetz and M. A. Veganzones and S. Henrot and R. Phlypo and J. Chanussot and C. Jutten},
journal = {IEEE Transactions on Image Processing},
title   = {{B}lind {H}yperspectral {U}nmixing {U}sing an {E}xtended {L}inear {M}ixing {M}odel to {A}ddress {S}pectral {V}ariability},
year    = {2016},
volume  = {25},
number  = {8},
pages   = {3890-3905},
month   = {Aug},
}
@ARTICLE{CNMF,
author  = {N. Yokoya and T. Yairi and A. Iwasaki},
journal = {IEEE Transactions on Geoscience and Remote Sensing},
title   = {{C}oupled {N}onnegative {M}atrix {F}actorization {U}nmixing for {H}yperspectral and {M}ultispectral {D}ata {F}usion},
year    = {2012},
volume  = {50},
number  = {2},
pages   = {528-537},
month   = {Feb},
}
@ARTICLE{HSR_BY_JOINTCRITERION_NMF,
author  = {M. S. Karoui and Y. Deville and F. Z. Benhalouche and I. Boukerch},
journal = {IEEE Transactions on Geoscience and Remote Sensing},
title   = {{H}ypersharpening by {J}oint-{C}riterion {N}onnegative {M}atrix {F}actorization},
year    = {2017},
volume  = {55},
number  = {3},
pages   = {1660-1670},
month   = {March},
}
@ARTICLE{CONSTRAINED_SUBPIXEL_TARGET_DETECT_FOR_HSI,
author  = {C. I. Chang and D. C. Heinz},
journal = {IEEE Transactions on Geoscience and Remote Sensing},
title   = {{C}onstrained {S}ubpixel {T}arget {D}etection for {R}emotely {S}ensed {I}magery},
year    = {2000},
volume  = {38},
number  = {3},
pages   = {1144-1159},
month   = {May},
}
@ARTICLE{FULLY_CONSTRAINED_LS_LINEAR_SPECTRAL_MIXTURE_ANALYSIS,
author  = {D. C. Heinz and Chein-I-Chang},
journal = {IEEE Transactions on Geoscience and Remote Sensing},
title   = {{F}ully {C}onstrained {L}east {S}quares {L}inear {S}pectral {M}ixture {A}nalysis {M}ethod for {M}aterial {Q}uantification in {H}yperspectral {I}magery},
year    = {2001},
volume  = {39},
number  = {3},
pages   = {529-545},
month   = {Mar},
}
@ARTICLE{FUSE,
author  = {Q. Wei and N. Dobigeon and J. Y. Tourneret},
journal = {IEEE Transactions on Image Processing},
title   = {{F}ast {F}usion of {M}ulti-{B}and {I}mages {B}ased on {S}olving a {S}ylvester {E}quation},
year    = {2015},
volume  = {24},
number  = {11},
pages   = {4109-4121},
month   = {Nov},
}
@ARTICLE{FUMI,
author  = {Q. Wei and J. Bioucas-Dias and N. Dobigeon and J. Y. Tourneret and M. Chen and S. Godsill},
journal = {IEEE Transactions on Geoscience and Remote Sensing},
title   = {{M}ultiband {I}mage {F}usion {B}ased on {S}pectral {U}nmixing},
year    = {2016},
volume  = {54},
number  = {12},
pages   = {7236-7249},
month   = {Dec},
}
@INPROCEEDINGS{HSR_MF,
author    = {R. Kawakami and Y. Matsushita and J. Wright and M. Ben-Ezra and Y. W. Tai and K. Ikeuchi},
booktitle = {CVPR 2011},
title     = {{H}igh-{R}esolution {H}yperspectral {I}maging {V}ia {M}atrix {F}actorization},
year      = {2011},
pages     = {2329-2336},
month     = {June},
}
@ARTICLE{HYSIME,
author  = {J. M. Bioucas-Dias and J. M. P. Nascimento},
journal = {IEEE Transactions on Geoscience and Remote Sensing},
title   = {{H}yperspectral {S}ubspace {I}dentification},
year    = {2008},
volume  = {46},
number  = {8},
pages   = {2435-2445},
month   = {Aug},
}
@ARTICLE{JOINT_HSR_AND_HU_INTERACTIVE_FEEDBACK,
author   = {C. Yi and Y. Q. Zhao and J. Yang and J. C. W. Chan and S. G. Kong},
journal  = {IEEE Transactions on Geoscience and Remote Sensing},
title    = {{J}oint {H}yperspectral {S}uperresolution and {U}nmixing {W}ith {I}nteractive {F}eedback},
year     = {2017},
volume   = {PP},
number   = {99},
pages    = {1-12},
keywords = {Degradation;Distortion;Hyperspectral imaging;Image reconstruction;Spatial resolution;Hyperspectral image (HSI);interactive feedback;sparsity;spectral unmixing;superresolution enhancement},
month    = {April},
}
@ARTICLE{LINEAR_SPECTRAL_RANDOM_MIXTURE_ANALYSIS_FOR_HSI,
author  = {C. I. Chang and S. S. Chiang and J. A. Smith and I. W. Ginsberg},
journal = {IEEE Transactions on Geoscience and Remote Sensing},
title   = {{L}inear {S}pectral {R}andom {M}ixture {A}nalysis for {H}yperspectral {I}magery},
year    = {2002},
volume  = {40},
number  = {2},
pages   = {375-392},
month   = {Feb},
}
@ARTICLE{MVCNMF,
author  = {L. Miao and H. Qi},
journal = {IEEE Transactions on Geoscience and Remote Sensing},
title   = {Endmember Extraction From Highly Mixed Data Using Minimum Volume Constrained Nonnegative Matrix Factorization},
year    = {2007},
volume  = {45},
number  = {3},
pages   = {765-777},
month   = {March},
}
@ARTICLE{ICE,
author  = {M. Berman and H. Kiiveri and R. Lagerstrom and A. Ernst and R. Dunne and J. F. Huntington},
journal = {IEEE Transactions on Geoscience and Remote Sensing},
title   = {{ICE}: {A} {S}tatistical {A}pproach to {I}dentifying {E}ndmembers in {H}yperspectral {I}mages},
year    = {2004},
volume  = {42},
number  = {10},
pages   = {2085-2095},
month   = {Oct},
}
@ARTICLE{RVM,
author  = {X. Fu and K. Huang and B. Yang and W. K. Ma and N. D. Sidiropoulos},
journal = {IEEE Transactions on Signal Processing},
title   = {{R}obust {V}olume {M}inimization-{B}ased {M}atrix {F}actorization for {R}emote {S}ensing and {D}ocument {C}lustering},
year    = {2016},
volume  = {64},
number  = {23},
pages   = {6254-6268},
month   = {Dec},
}
@INPROCEEDINGS{SISAL,
author    = {J. M. Bioucas-Dias},
booktitle = {2009 First Workshop on Hyperspectral Image and Signal Processing: Evolution in Remote Sensing},
title     = {{A} {V}ariable {S}plitting {A}ugmented {L}agrangian {A}pproach to {L}inear {S}pectral {U}nmixing},
year      = {2009},
pages     = {1-4},
month     = {Aug},
}
@ARTICLE{VCA,
author  = {J. M. P. Nascimento and J. M. B. Dias},
journal = {IEEE Transactions on Geoscience and Remote Sensing},
title   = {{V}ertex {C}omponent {A}nalysis: {A} {F}ast {A}lgorithm to {U}nmix {H}yperspectral {D}ata},
year    = {2005},
volume  = {43},
number  = {4},
pages   = {898-910},
month   = {April},
}
@ARTICLE{SPECTRAL_UNMIXING,
author  = {N. Keshava and J. F. Mustard},
journal = {IEEE Signal Processing Magazine},
title   = {{S}pectral {U}nmixing},
year    = {2002},
volume  = {19},
number  = {1},
pages   = {44-57},
month   = {Jan},
}
@ARTICLE{SEMIEMPIRICAL_ANALYSIS_OF_REFLECTANCE_SPECTRA,
author  = {P. E. Johnson and M. O. Smith and S. Taylor-George and J. B. Adams},
journal = {Journal of Geophysical Research},
title   = {{A} {S}emiempirical {M}ethod for {A}nalysis of the {R}eflectance {S}pectra of {B}inary {M}ineral {M}ixtures},
year    = {1983},
volume  = {88},
number  = {B4},
pages   = {3357-3561},
month   = {April},
}
@ARTICLE {SIMPLE_ALGO_FOR_REMOTE_DETERMINATION_OF_MINERAL_ABUND,
author  = {P. E. Johnson and M. O. Smith and J. B. Adams},
title   = {{S}imple {A}lgorithms for {R}emote {D}etermination of {M}ineral {A}bundances and {P}article {S}izes from {R}eflectance {S}pectra},
journal = {Journal of Geophysical Research: Planets},
volume  = {97},
number  = {E2},
pages   = {2649-2657},
year    = {1992},
month   = {Feb},
}
@ARTICLE {QUANTITATIVE_ABUND_EST_FROM_BIDIR_REFLECTANCE,
author  = {J. F. Mustard and C. M. Pieters},
title   = {{Q}uantitative {A}bundance {E}stimates from {B}idirectional {R}eflectance {M}easurements},
journal = {Journal of Geophysical Research: Solid Earth},
volume  = {92},
number  = {B4},
pages   = {E617-E626},
year    = {1987},
month   = {March},
}
@ARTICLE {PHOTO_PHASE_FUNCS_OF_MINERALS,
author  = {J. F. Mustard and C. M. Pieters},
title   = {{P}hotometric {P}hase {F}unctions of {C}ommon {G}eologic {M}inerals and {A}pplications to {Q}uantitative {A}nalysis of {M}ineral {M}ixture {R}eflectance {S}pectra},
journal = {Journal of Geophysical Research: Solid Earth},
volume  = {94},
number  = {B10},
pages   = {13619-13634},
year    = {1989},
month   = {Oct},
}
@ARTICLE {INTERPRET_RESIDUAL_IMG_SPECTRAL_MIXTURE_ANALYSIS_OF_AVIRIS_IMG,
author  = {A. R. Gillespie and M. O. Smith and J. B. Adams and S. C. Willis and A. F. Fischer},
title   = {{I}nterpretation of {R}esidual {I}mages: {S}pectral {M}ixture {A}nalysis of {AVIRIS} {I}mages},
journal = {Proc. 2nd AVIRIS Workshop, Owens Valley, California},
pages   = {243-270},
year    = {1990},
}
@ARTICLE {LSMU_NATURE1999,
author  = {D. D. Lee and H. S. Seung},
title   = {{L}earning the {P}arts of {O}bjects by {N}on-negative {M}atrix {F}actorization},
journal = {Nature},
year    = {1999},
month   = {Oct},
day     = {21},
volume  = {401},
number  = {6755},
pages   = {788-791},
}
@INPROCEEDINGS{LSMU_NIPS2000,
author    = {D. D. Lee and H. S. Seung},
title     = {{A}lgorithms for {N}on-negative {M}atrix {F}actorization},
booktitle = {In NIPS},
year      = {2000},
pages     = {556-562},
publisher = {MIT Press},
}
@ARTICLE{ADMM_BOYD2011,
author  = {S. Boyd and N. Parikh and E. Chu and B. Peleato and J. Eckstein},
title   = {{D}istributed {O}ptimization and {S}tatistical {L}earning via the {A}lternating {D}irection {M}ethod of {M}ultipiliers},
journal = {Foundations and Trends in Machine Learning},
year    = {2010},
volume  = {3},
number  = {1},
pages   = {1-122},
}
@INPROCEEDINGS{ADMM_GENERAL_CONVERG_ANALYSIS,
author    = {R. Nishihara and L. Lessard and B. Recht and A. Packard and M. I. Jordan},
title     = {{A} {G}eneral {A}nalysis of the {C}onvergence of {ADMM}},
booktitle = {International Conference on Machine Learning 32},
pages     = {343-352},
year      = {2015}
}
@ARTICLE{LINEAR_CONVERG_OF_ADMM,
author  = {M. Hong and Z. Q. Luo},
title   = {{O}n the {L}inear {C}onvergence of the {A}lternating {D}irection {M}ethod of {M}ultipliers},
journal = {Mathematical Programming},
year    = {2017},
volume  = {162},
number  = {1},
pages   = {165-199},
}
@ARTICLE{SIMPLEX_PROJ,
author    = {W. Wang and M. {\'{A}}. Carreira{-}Perpi{\~{n}}{\'{a}}n},
title     = {{P}rojection onto {T}he {P}robability {S}implex: {A}n {E}fficient {A}lgorithm with {A} {S}imple {P}roof, and {A}n {A}pplication},
journal   = {arXiv preprint},
volume    = {arXiv: 1309.1541v1},
year      = {2013},
}
@BOOK{NONLINEAR_PRGM,
title     = {{N}onlinear {P}rogramming},
subtitle  = {the science of microfabrication},
author    = {D. P. Bertsekas},
year      = {1999},
publisher = {Athena Scientific Belmont},
}
@ARTICLE{GP_FOR_QP_APPL_SVM,
author  = {T. Serafini and G. Zanghirati and L. Zanni},
title   = {{G}radient {P}rojection {M}ethods for {Q}uadratic {P}rograms and {A}pplications in {T}raining {S}upport {V}ector {M}achines},
journal = {Optimization Methods and Software},
volume  = {20},
number  = {2-3},
pages   = {353-378},
year    = {2005},
}
@ARTICLE{PROX_ALGO,
author    = {N. Parikh and S. Boyd},
title     = {{P}roximal {A}lgorithms},
journal   = {Foundations and Trends in Optimzation},
volume    = {1},
number    = {3},
month     = {Jan},
year      = {2014},
pages     = {127-239},
publisher = {Now Publishers Inc.},
address   = {Hanover, MA, USA},
}
@ARTICLE{COND_GRAD_LIN_CONVERG_RATE_BECK2004,
author   = {A. Beck and M. Teboulle},
title    = {{A} {C}onditional {G}radient {M}ethod with {L}inear {R}ate of {C}onvergence for {S}olving {C}onvex {L}inear {S}ystems},
journal  = {Mathematical Methods of Operations Research},
year     = {2004},
volume   = {59},
number   = {2},
pages    = {235-247},
}
@ARTICLE{WALDS_PROTOCOL,
title       = {{F}usion of {S}atellite {I}mages of {D}ifferent {S}patial {R}esolutions: {A}ssessing the {Q}uality of {R}esulting {I}mages},
author      = {L. Wald and T. Ranchin and M. Mangolini},
journal     = {hotogrammetric Engineering and Remote Sensing},
publisher   = {Asprs American Society for Photogrammetry},
volume      = {63},
number      = {6},
pages       = {691-699},
year        = {1997},
}
@ARTICLE{SIGPROC_PERSP_ON_HU,
author  = {W. K. Ma and J. M. Bioucas-Dias and T. H. Chan and N. Gillis and P. Gader and A. J. Plaza and A. Ambikapathi and C. Y. Chi},
journal = {IEEE Signal Processing Magazine},
title   = {{A} {S}ignal {P}rocessing {P}erspective on {H}yperspectral {U}nmixing: {I}nsights from {R}emote {S}ensing},
year    = {2014},
volume  = {31},
number  = {1},
pages   = {67-81},
ISSN    = {1053-5888},
month   = {Jan},
}
@ARTICLE{SPA_CHEMOMETRICS2001,
title   = {{T}he {S}uccessive {P}rojections {A}lgorithm for {V}ariable {S}election in {S}pectroscopic {M}ulticomponent {A}nalysis},
author  = {M. C. U. Araújo and T. C. B. Saldanha and R.K.H. Galvão and T. Yoneyama and H. C. Chame and V. Visani},
journal = {Chemometrics and Intelligent Laboratory Systems },
volume  = {57},
number  = {2},
pages   = {65-73},
year    = {2001},
}
@MISC{USGS,
author       = {R. F. Kokaly and R. N. Clark and G. A. Swayze and K. E. Livo and T. M Hoefen and N. C.; Pearson and R. A. Wise and W. M. Benzel and H. A. Lowers and R. L. Driscoll and A. J. Klein},
title        = {{USGS} {S}pectral {L}ibrary {V}ersion 7: {U.S.} {G}eological {S}urvey {D}ata {S}eries 1035},
howpublished = {\url{http://speclab.cr.usgs.gov/}},
year         = {2017},
}
@ARTICLE{HSMSEXISTAPPROACH_CS_IHS,
author  = {W. Carper and T. M. Lillesand and P. W. Kiefer},
journal = {Photogramm. Eng. Remote Sens.},
title   = {{T}he {U}se of {I}ntensity-{H}ue-{S}aturation {T}ransformations for {M}erging {S}pot {P}anchromatic and {M}ultispectral {I}mage {D}ata},
year    = {1990},
volume  = {56},
number  = {4},
pages   = {459-467},
month   = {April},
}
@MISC{HSMSEXISTAPPROACH_CS_ENHANCING_MS_BY_PAN,
author  = {C. A. Laben and B. V. Brower},
title   = {{P}rocess for {E}nhancing the {S}patial {R}esolution of {M}ultispectral {I}magery using {P}an-sharpening},
year    = {2000},
note    = {{P}atent US 6011875 A},
}
@ARTICLE{HSMSEXISTAPPROACH_CS_IMPROVE_CS,
author  = {B. Aiazzi and S. Baronti and M. Selva},
journal = {IEEE Transactions on Geoscience and Remote Sensing},
title   = {{I}mproving {C}omponent {S}ubstitution {P}ansharpening {T}hrough {M}ultivariate {R}egression of {MS} +{P}an {D}ata},
year    = {2007},
volume  = {45},
number  = {10},
pages   = {3230-3239},
month   = {Oct},
}
@ARTICLE{HSMSEXISTAPPROACH_MRA_SMOOTH_FILTER_IMG_FUSION,
author  = {J. G. Liu },
title   = {{S}moothing {F}ilter-based {I}ntensity {M}odulation: {A} {S}pectral {P}reserve {I}mage {F}usion {T}echnique for {I}mproving {S}patial {D}etails},
journal = {International Journal of Remote Sensing},
volume  = {21},
number  = {18},
pages   = {3461-3472},
year    = {2000},
}
@ARTICLE{HSMSEXISTAPPROACH_MRA_MTF,
author  = {B. Aiazzi and L. Alparone and S. Baronti and A. Garzelli and M. Selva},
journal = {Photogramm. Eng. Remote Sens.},
title   = {{MTF}-{T}ailored {M}ultiscale {F}usion of {H}igh-{R}esolution {MS} and {P}an {I}magery},
year    = {2006},
volume  = {72},
number  = {5},
pages   = {591-596},
month   = {May},
}
@ARTICLE{HSMSEXISTAPPROACH_BAYESIAN_STOC_MIX_MODEL_HSR,
author  = {M. T. Eismann and R. C. Hardie},
journal = {IEEE Transactions on Geoscience and Remote Sensing},
title   = {{A}pplication of the {S}tochastic {M}ixing {M}odel to {H}yperspectral {R}esolution {E}nhancement},
year    = {2004},
volume  = {42},
number  = {9},
pages   = {1924-1933},
month   = {Sept},
}
@ARTICLE{HSMSEXISTAPPROACH_BAYESIAN_MAP_ESTIMATE_HSR,
author  = {R. C. Hardie and M. T. Eismann and G. L. Wilson},
journal = {IEEE Transactions on Image Processing},
title   = {{MAP} {E}stimation for {H}yperspectral {I}mage {R}esolution {E}nhancement using an {A}uxiliary {S}ensor},
year    = {2004},
volume  = {13},
number  = {9},
pages   = {1174-1184},
month   = {Sept},
}
@ARTICLE{HSMSEXISTAPPROACH_BAYESIAN_HSR_BY_MS,
author  = {M. T. Eismann and R. C. Hardie},
journal = {IEEE Transactions on Geoscience and Remote Sensing},
title   = {{H}yperspectral {R}esolution {E}nhancement using {H}igh-{R}esolution {M}ultispectral {I}magery with {A}rbitrary {R}esponse {F}unctions},
year    = {2005},
volume  = {43},
number  = {3},
pages   = {455-465},
month   = {March},
}
@INPROCEEDINGS{HSMSEXISTAPPROACH_MF_NMFPAN,
author    = {O. Berné and A. Helens and P. Pilleri and C. Joblin},
booktitle = {2010 2nd Workshop on Hyperspectral Image and Signal Processing: Evolution in Remote Sensing},
title     = {{N}on-negative {M}atrix {F}actorization {P}ansharpening of {H}yperspectral {D}ata: {A}n {A}pplication to {M}id-{I}nfrared {A}stronomy},
year      = {2010},
pages     = {1-4},
month     = {June},
}
@ARTICLE{HSMSEXISTAPPROACH_MF_SPAT_SPEC_IMG_FUSION,
author  = {B. Huang and H. Song and H. Cui and J. Peng and Z. Xu},
journal = {IEEE Transactions on Geoscience and Remote Sensing},
title   = {{S}patial and {S}pectral {I}mage {F}usion {U}sing {S}parse {M}atrix {F}actorization},
year    = {2014},
volume  = {52},
number  = {3},
pages   = {1693-1704},
month   = {March},
}
@ARTICLE{HSMSEXISTAPPROACH_MF_HSR_LOCAL_LOWRANK,
author  = {M. A. Veganzones and M. Simões and G. Licciardi and N. Yokoya and J. M. Bioucas-Dias and J. Chanussot},
journal = {IEEE Transactions on Image Processing},
title   = {{H}yperspectral {S}uper-{R}esolution of {L}ocally {L}ow {R}ank {I}mages from {C}omplementary {M}ultisource {D}ata},
year    = {2016},
volume  = {25},
number  = {1},
pages   = {274-288},
month   = {Jan},
}
@ARTICLE{HSMSEXISTAPPROACH_MF_JOINT_HSR_UNMIX_INTERACT_FEEDBACK,
author   = {C. Yi and Y. Q. Zhao and J. Yang and J. C. W. Chan and S. G. Kong},
journal  = {IEEE Transactions on Geoscience and Remote Sensing},
title    = {{J}oint {H}yperspectral {S}uperresolution and {U}nmixing with {I}nteractive {F}eedback},
year     = {2017},
volume   = {55},
number   = {7},
pages    = {3823-3834},
month    = {July},
}
@ARTICLE{COORD_DESCENT_ALGO,
author   = {S. J. Wright},
title    = {{C}oordinate {D}escent {A}lgorithms},
journal  = {Mathematical Programming},
year     = {2015},
month    = {Jun},
day      = {01},
volume   = {151},
number   = {1},
pages    = {3-34},
}
@ARTICLE{NESTEROV_BCD_HUGE_PROBLEM,
author  = {Y. Nesterov},
title   = {{E}fficiency of {C}oordinate {D}escent {M}ethods on {H}uge-{S}cale {O}ptimization {P}roblems},
journal = {SIAM Journal on Optimization},
volume  = {22},
number  = {2},
pages   = {341-362},
year    = {2012},
}
@ARTICLE{BCD_APPL_STAT_TOMOGRAPHY,
author  = {C. A. Bouman and K. Sauer},
journal = {IEEE Transactions on Image Processing},
title   = {{A} {U}nified {A}pproach to {S}tatistical {T}omography using {C}oordinate {D}escent {O}ptimization},
year    = {1996},
volume  = {5},
number  = {3},
pages   = {480-492},
month   = {Mar},
}
@ARTICLE{BCD_APPL_DIFF_TOMOGRAPHY,
author  = {J. C. Ye and K. J. Webb and C. A. Bouman and R. P. Millane},
journal = {Journal of the Optical Society of America A-Optics Image Science and Vision},
title   = {{O}ptical {D}iffusion {T}omography by {I}terative-{C}oordinate-{D}escent {O}ptimization in a {B}ayesian {F}ramework},
year    = {1999},
volume  = {16},
number  = {10},
pages   = {2400-2412},
month   = {Oct},
}
@CONFERENCE{BCD_APPL_BCD_FOR_MULTITASK_LASSO_NEURAL_DISCOV,
title     = {{B}lockwise {C}oordinate {D}escent {P}rocedures for the {M}ulti-task {L}asso, with {A}pplications to {N}eural {S}emantic {B}asis {D}iscovery},
author    = {H. Liu and M. Palatucci and J. Zhang},
booktitle = {International Conference on Machine Learning},
notes     = {Best Student Paper Award},
school    = {Robotics Institute, Carnegie Mellon University},
month     = {June},
year      = {2009},
address   = {Pittsburgh, PA},
}
@ARTICLE{BCD_APPL_PROTEIN_LOOP,
author  = {A. A. Canutescu and R. L. Dunbrack},
journal = {Protein Science},
title   = {{C}yclic {C}oordinate {D}escent: {A} {R}obotics {A}lgorithm for {P}rotein {L}oop {C}losure},
year    = {2003},
volume  = {12},
number  = {5},
pages   = {963-972},
month   = {May},
}
@ARTICLE{BCD_APPL_OD_MATRIX_ADJ_PROBL,
author  = {M. Florian and Y. Chen},
title   = {{A} {C}oordinate {D}escent {M}ethod for the {B}i-level {O}-{D} {M}atrix {A}djustment {P}roblem},
journal = {International Transactions in Operational Research},
volume  = {2},
number  = {2},
pages   = {165-179},
year    = {1995},
}
@ARTICLE{BCD_APPL_BIOFEATURE,
author  = {P. Breheny and J. Huang},
title   = {{C}oordinate {D}escent {A}lgorithms for {N}onconvex {P}enalized {R}egression, with {A}pplications to {B}iological {F}eature {S}election},
journal = {Annals of Applied Statistics},
year    = {2011},
volume  = {5},
pages   = {232--253},
number  = {1},
}
@article{BCD_APPL_SPARSE_COV_EST,
author  = {J. Friedman and T. Hastie and R. Tibshirani},
title   = {{S}parse {I}nverse {C}ovariance {E}stimation with the {G}raphical {LASSO}},
journal = {Biostatistics},
volume  = {9},
number  = {3},
pages   = {432--441},
year    = {2008},
month   = {Jul},
}
@article{BCD_APPL_LARGESCALE_LINEAR_SVM,
author    = {K. W. Chang and C. J. Hsieh and C. J. Lin},
title     = {{C}oordinate {D}escent {M}ethod for {L}arge-{S}cale {L}2-loss {L}inear {S}upport {V}ector {M}achines},
journal   = {J. Mach. Learn. Res.},
volume    = {9},
month     = {Jun},
year      = {2008},
pages     = {1369--1398},
}
@ARTICLE{LANDSAT_USING,
author   = {M. T. Eismann and R. C. Hardie},
journal  = {IEEE Transactions on Geoscience and Remote Sensing},
title    = {{H}yperspectral {R}esolution {E}nhancement using {H}igh-{R}esolution {M}ultispectral {I}magery with {A}rbitrary {R}esponse {F}unctions},
year     = {2005},
volume   = {43},
number   = {3},
pages    = {455-465},
month    = {March}
}
@MISC{LANDSAT_HANDBOOK,
title        = {{L}andsat 7 {S}cience {D}ata {U}sers {H}andbook},
howpublished = {\url{http://landsat.gsfc.nasa.gov/wp-content/uploads/2016/08/Landsat7_Handbook.pdf}},
note         = {Accessed: 2016-09-29},
year         = {2016},
}
@MISC{LANDSAT_SPECTRAL_RESPONSE,
title        = {{S}pectral {R}esponse of the {O}perational {L}and {I}mager {I}n-{B}and, {B}and-{A}verage {R}elative {S}pectral {R}esponse},
howpublished = {\url{https://landsat.gsfc.nasa.gov/preliminary-spectral-response-of-the-operational-land-imager-in-band-band-average-relative-spectral-response/}},
note         = {Accessed: 2016-09-29},
year         = {2016},
}
@techreport{MILITARY_UTILITY,
author      = {R. Anderson and W. Malila. and R. Maxwell and L. Reed},
title       = {{M}ilitary {U}tility of {M}ultispectral and {H}yperspectral {S}ensors},
year        = {1994},
month       = {Nov},
institution = {Environmental Research Inst. of Michigan Ann Arbor}
}
@ARTICLE{SPECTRAL_RESPONSE_OF_LANDSAT8,
author  = {J. A. Barsi and K. Lee and G. Kvaran and B. L. Markham and J. A. Pedelty},
title   = {{T}he {S}pectral {R}esponse of the {L}andsat-8 {O}perational {L}and {I}mager},
journal = {Remote Sensing},
volume  = {6},
year    = {2014},
number  = {10},
pages   = {10232--10251},
}
@MISC{AVIRIS,
TITLE        = {{AVIRIS} {D}ata - {O}rdering {F}ree {AVIRIS} {S}tandard {D}ata {P}roducts.},
HOWPUBLISHED = {[Online]. Available"\url{http://aviris.jpl.nasa.gov/html/aviris.freedata.html}},
NOTE         = {[Accessed: 2016-05-01]},
year         = {2016}
}
@INBOOK{PROX_SPLIT_METHODS_IN_SIGPROC,
author    = {P. L. Combettes and J.-C. Pesquet},
title     = {Proximal Splitting Methods in Signal Processing},
bookTitle = {Fixed-Point Algorithms for Inverse Problems in Science and Engineering},
year      = {2011},
publisher = {Springer New York},
address   = {New York, NY},
pages     = {185--212},
}
@TECHREPORT{NYOKOYA2016,
author      = {N. Yokoya and A. Iwasaki},
title       = {{A}irborne {H}yperspectral {D}ata over {C}hikusei},
institution = {Space Application Laboratory, University of Tokyo},
number      = {SAL-2016-05-27},
address     = {Japan},
month       = {May},
year        = 2016,
url         = {http://park.itc.u-tokyo.ac.jp/sal/hyperdata/TechRepSAL20160527.pdf},
}
@MISC{HEADWALL_HYPERSPEC_VNIR_C,
title        = {{H}yperspec {VNIR} {I}maging {S}ensor for the 400nm to 1000 nm {S}pectral {R}ange},
howpublished = {[Online]. Available"\url{http://www.alava-ing.es/repositorio/1718/pdf/4334/2/hyperspec-vnir.pdf}"},
note         = {[Accessed: 2016-05-01]},
year         = {2016},
}
@ARTICLE{MAX_QUAD_HILLCLIMB,
title     = {{M}aximization by {Q}uadratic {H}ill-{C}limbing},
author    = {S. M. Goldfeld and R. E. Quandt and H. F. Trotter},
journal   = {Econometrica},
number    = {3},
pages     = {541-551},
publisher = {[Wiley, Econometric Society]},
volume    = {34},
year      = {1966}
}
@article{QUASI_NEWTON_METHODS_MOTIV_METHODS,
author  = {J. E. Dennis, Jr. and Jorge J. Moré},
title   = {{Q}uasi-{N}ewton {M}ethods, {M}otivation and {T}heory},
journal = {SIAM Review},
volume  = {19},
number  = {1},
pages   = {46-89},
year    = {1977},
}
